<?xml version="1.0" encoding="UTF-8"?>
<record xmlns="http://www.loc.gov/MARC21/slim" xmlns:xsi="http://www.w3.org/2001/XMLSchema-instance" xsi:schemaLocation="http://www.loc.gov/MARC21/slim http://www.loc.gov/standards/marcxml/schema/MARC21slim.xsd">
<leader>00000cam a22002774a 4500</leader>
<controlfield tag="001">003259798</controlfield>
<controlfield tag="003">NNU</controlfield>
<controlfield tag="005">20151007163415.0</controlfield>
<controlfield tag="008">080124s2008    nyu      b    001 0 eng</controlfield>
<datafield tag="010" ind1=" " ind2=" ">
<subfield code="a">2008003320</subfield>
</datafield>
<datafield tag="020" ind1=" " ind2=" ">
<subfield code="a">9780195324990</subfield>
</datafield>
<datafield tag="020" ind1=" " ind2=" ">
<subfield code="a">0195324994</subfield>
</datafield>
<datafield tag="035" ind1=" " ind2=" ">
<subfield code="a">(DLC)  2008003320</subfield>
</datafield>
<datafield tag="035" ind1="8" ind2=" ">
<subfield code="a">yank40015897751</subfield>
</datafield>
<datafield tag="040" ind1=" " ind2=" ">
<subfield code="a">DLC</subfield>
<subfield code="c">DLC</subfield>
<subfield code="d">YDX</subfield>
<subfield code="d">BAKER</subfield>
<subfield code="d">BTCTA</subfield>
<subfield code="d">YDXCP</subfield>
</datafield>
<datafield tag="050" ind1="0" ind2="0">
<subfield code="a">P301.5.P86</subfield>
<subfield code="b">H86 2008</subfield>
</datafield>
<datafield tag="082" ind1="0" ind2="0">
<subfield code="a">411</subfield>
<subfield code="2">22</subfield>
</datafield>
<datafield tag="100" ind1="1" ind2=" ">
<subfield code="a">Humez, Alexander.</subfield>
</datafield>
<datafield tag="245" ind1="1" ind2="0">
<subfield code="a">On the dot :</subfield>
<subfield code="b">the speck that changed the world /</subfield>
<subfield code="c">Alexander Humez, Nicholas Humez.</subfield>
</datafield>
<datafield tag="260" ind1=" " ind2=" ">
<subfield code="a">New York :</subfield>
<subfield code="b">Oxford University Press,</subfield>
<subfield code="c">2008.</subfield>
</datafield>
<datafield tag="300" ind1=" " ind2=" ">
<subfield code="a">xii, 256 p. ;</subfield>
<subfield code="c">22 cm.</subfield>
</datafield>
<datafield tag="504" ind1=" " ind2=" ">
<subfield code="a">Includes bibliographical references (p. [215]-223) and index.</subfield>
</datafield>
<datafield tag="650" ind1=" " ind2="0">
<subfield code="a">Dot (Symbol)</subfield>
<subfield code="x">History.</subfield>
</datafield>
<datafield tag="700" ind1="1" ind2=" ">
<subfield code="a">Humez, Nicholas D.</subfield>
</datafield>
<datafield tag="OWN" ind1=" " ind2=" ">
<subfield code="a">GENERAL</subfield>
</datafield>
<datafield tag="STA" ind1=" " ind2=" ">
<subfield code="a">DELETED</subfield>
</datafield>
<datafield tag="961" ind1=" " ind2=" ">
<subfield code="c">BSTACK</subfield>
</datafield>
<datafield tag="980" ind1=" " ind2=" ">
<subfield code="a">20081009</subfield>
<subfield code="b">24.95</subfield>
<subfield code="e">20.46</subfield>
<subfield code="f">530306</subfield>
<subfield code="g">1</subfield>
</datafield>
<datafield tag="981" ind1=" " ind2=" ">
<subfield code="b">BBHLIN-2009</subfield>
</datafield>
<datafield tag="982" ind1=" " ind2=" ">
<subfield code="a">40015897751</subfield>
<subfield code="e">EE</subfield>
</datafield>
<datafield tag="049" ind1=" " ind2=" ">
<subfield code="a">ZYUU</subfield>
</datafield>
</record>
